% -----------------------------------------------------------------------
% File: CogSci_Template.bib
% -----------------------------------------------------------------------

% Modified : Eli M. Silk (esilk at pitt.edu)            05/24/2005
% Modified : David Noelle (dnoelle at ucmerced.edu)     11/19/2014

@article{suwa1997architects,
  title={What do architects and students perceive in their design sketches? A protocol analysis},
  author={Suwa, Masaki and Tversky, Barbara},
  journal={Design studies},
  volume={18},
  number={4},
  pages={385--403},
  year={1997},
  publisher={Elsevier}
}

@book{baigrie1996picturing,
  title={Picturing knowledge: historical and philosophical problems concerning the use of art in science},
  author={Baigrie, Brian},
  year={1996},
  publisher={University of Toronto Press}
}

@article{garrod2007foundations,
  title={Foundations of representation: where might graphical symbol systems come from?},
  author={Garrod, Simon and Fay, Nicolas and Lee, John and Oberlander, Jon and MacLeod, Tracy},
  journal={Cognitive science},
  volume={31},
  number={6},
  pages={961--987},
  year={2007},
  publisher={Wiley Online Library}
}

@article{hawkins2021visual,
  title={Visual resemblance and communicative context constrain the emergence of graphical conventions},
  author={Hawkins, Robert D and Sano, Megumi and Goodman, Noah D and Fan, Judith E},
  journal={arXiv preprint arXiv:2109.13861},
  year={2021}
}

@article{fan2020pragmatic,
  title={Pragmatic inference and visual abstraction enable contextual flexibility during visual communication},
  author={Fan, Judith E and Hawkins, Robert D and Wu, Mike and Goodman, Noah D},
  journal={Computational Brain \& Behavior},
  volume={3},
  number={1},
  pages={86--101},
  year={2020},
  publisher={Springer}
}

@article{karmiloff1990constraints,
  title={Constraints on representational change: Evidence from children's drawing},
  author={Karmiloff-Smith, Annette},
  journal={Cognition},
  volume={34},
  number={1},
  pages={57--83},
  year={1990},
  publisher={Elsevier}
}

@article{long2021parallel,
  title={Parallel developmental changes in children's drawing and recognition of visual concepts},
  author={Long, Bria and Fan, Judith and Chai, Zixian and Frank, Michael C},
  year={2021},
  publisher={PsyArXiv}
}

@article{bozeat2003duck,
  title={A duck with four legs: Investigating the structure of conceptual knowledge using picture drawing in semantic dementia},
  author={Bozeat, Sasha and Lambon Ralph, Matthew A and Graham, Kim S and Patterson, Karalyn and Wilkin, Helen and Rowland, Josephin and Rogers, Timothy T and Hodges, John R},
  journal={Cognitive neuropsychology},
  volume={20},
  number={1},
  pages={27--47},
  year={2003},
  publisher={Taylor \& Francis}
}

@incollection{lindsay2021deep,
  title={Deep Learning Networks and Visual Perception},
  author={Lindsay, Grace W and Serre, Thomas},
  booktitle={Oxford Research Encyclopedia of Psychology},
  year={2021}
}


@article{kriegeskorte2015deep,
  title={Deep neural networks: a new framework for modelling biological vision and brain information processing},
  author={Kriegeskorte, Nikolaus},
  journal={biorxiv},
  pages={029876},
  year={2015},
  publisher={Cold Spring Harbor Laboratory}
}

@article{fan2018common,
  title={Common object representations for visual production and recognition},
  author={Fan, Judith E and Yamins, Daniel LK and Turk-Browne, Nicholas B},
  journal={Cognitive science},
  volume={42},
  number={8},
  pages={2670--2698},
  year={2018},
  publisher={Wiley Online Library}
}

@article{kubilius2019brain,
  title={Brain-like object recognition with high-performing shallow recurrent ANNs},
  author={Kubilius, Jonas and Schrimpf, Martin and Kar, Kohitij and Rajalingham, Rishi and Hong, Ha and Majaj, Najib and Issa, Elias and Bashivan, Pouya and Prescott-Roy, Jonathan and Schmidt, Kailyn and others},
  journal={Advances in neural information processing systems},
  volume={32},
  year={2019}
}


@inproceedings{he2016deep,
  title={Deep residual learning for image recognition},
  author={He, Kaiming and Zhang, Xiangyu and Ren, Shaoqing and Sun, Jian},
  booktitle={Proceedings of the IEEE conference on computer vision and pattern recognition},
  pages={770--778},
  year={2016}
}

@article{dosovitskiy2020image,
  title={An image is worth 16x16 words: Transformers for image recognition at scale},
  author={Dosovitskiy, Alexey and Beyer, Lucas and Kolesnikov, Alexander and Weissenborn, Dirk and Zhai, Xiaohua and Unterthiner, Thomas and Dehghani, Mostafa and Minderer, Matthias and Heigold, Georg and Gelly, Sylvain and others},
  journal={arXiv preprint arXiv:2010.11929},
  year={2020}
}

@inproceedings{radford2021learning,
  title={Learning transferable visual models from natural language supervision},
  author={Radford, Alec and Kim, Jong Wook and Hallacy, Chris and Ramesh, Aditya and Goh, Gabriel and Agarwal, Sandhini and Sastry, Girish and Askell, Amanda and Mishkin, Pamela and Clark, Jack and others},
  booktitle={International Conference on Machine Learning},
  pages={8748--8763},
  year={2021},
  organization={PMLR}
}

@article{li2021survey,
  title={A survey of convolutional neural networks: analysis, applications, and prospects},
  author={Li, Zewen and Liu, Fan and Yang, Wenjie and Peng, Shouheng and Zhou, Jun},
  journal={IEEE transactions on neural networks and learning systems},
  year={2021},
  publisher={IEEE}
}

@article{hebart2019things,
  title={THINGS: A database of 1,854 object concepts and more than 26,000 naturalistic object images},
  author={Hebart, Martin N and Dickter, Adam H and Kidder, Alexis and Kwok, Wan Y and Corriveau, Anna and Van Wicklin, Caitlin and Baker, Chris I},
  journal={PloS one},
  volume={14},
  number={10},
  pages={e0223792},
  year={2019},
  publisher={Public Library of Science San Francisco, CA USA}
}

@article{yang2021visual,
  title={Visual communication of object concepts at different levels of abstraction},
  author={Yang, Justin and Fan, Judith E},
  journal={arXiv preprint arXiv:2106.02775},
  year={2021}
}

@article{vinker2022clipasso,
  title={Clipasso: Semantically-aware object sketching},
  author={Vinker, Yael and Pajouheshgar, Ehsan and Bo, Jessica Y and Bachmann, Roman Christian and Bermano, Amit Haim and Cohen-Or, Daniel and Zamir, Amir and Shamir, Ariel},
  journal={arXiv preprint arXiv:2202.05822},
  year={2022}
}


@book{chen2020foundations,
  title={Foundations of data visualization},
  author={Chen, Min and Hauser, Helwig and Rheingans, Penny and Scheuermann, Gerik},
  year={2020},
  publisher={Springer}
}

@article{viola2017pondering,
  title={Pondering the concept of abstraction in (illustrative) visualization},
  author={Viola, Ivan and Isenberg, Tobias},
  journal={IEEE transactions on visualization and computer graphics},
  volume={24},
  number={9},
  pages={2573--2588},
  year={2017},
  publisher={IEEE}
}

@article{mccloud1998understanding,
  title={Understanding comics: The invisible art},
  author={McCloud, Scott and Manning, AD},
  journal={IEEE Transactions on Professional Communications},
  volume={41},
  number={1},
  pages={66--69},
  year={1998},
  publisher={New York, NY: Institute of Electrical and Electronics Engineers}
}

@book{gombrich1995story,
  title={The story of art},
  author={Gombrich, Ernst Hans},
  volume={12},
  year={1995},
  publisher={Phaidon London}
}

@article{cox2022representational,
  title={Representational similarity learning reveals a graded multi-dimensional semantic space in the human anterior temporal cortex},
  author={Cox, Christopher R and Rogers, Timothy T and Shimotake, Akihiro and Kikuchi, Takayuki and Kunieda, Takeharu and Miyamoto, Susumu and Takahashi, Ryosuke and Matsumoto, Riki and Ikeda, Akio and Ralph, Matthew A Lambon},
  journal={bioRxiv},
  pages={2022--10},
  year={2022},
  publisher={Cold Spring Harbor Laboratory}
}

@article{tversky1989parts,
  title={Parts, partonomies, and taxonomies.},
  author={Tversky, Barbara},
  journal={Developmental Psychology},
  volume={25},
  number={6},
  pages={983},
  year={1989},
  publisher={American Psychological Association}
}

@inproceedings{huey2022developmental,
  title={Developmental changes in the semantic part structure of drawn objects},
  author={Huey, Holly and Long, Bria },
  booktitle={Proceedings of the 44th Annual Meeting of the Cognitive Science Society},
  year={2022}
}

@article{rogers2007object,
  title={Object categorization: reversals and explanations of the basic-level advantage.},
  author={Rogers, Timothy T and Patterson, Karalyn},
  journal={Journal of Experimental Psychology: General},
  volume={136},
  number={3},
  pages={451},
  year={2007},
  publisher={American Psychological Association}
}

@article{dillon2021rooms,
  title={Rooms without walls: Young children draw objects but not layouts.},
  author={Dillon, Moira R},
  journal={Journal of Experimental Psychology: General},
  volume={150},
  number={6},
  pages={1071},
  year={2021},
  publisher={American Psychological Association}
}

@article{bear2021physion,
  title={Physion: Evaluating physical prediction from vision in humans and machines},
  author={Bear, Daniel M and Wang, Elias and Mrowca, Damian and Binder, Felix J and Tung, Hsiao-Yu Fish and Pramod, RT and Holdaway, Cameron and Tao, Sirui and Smith, Kevin and Sun, Fan-Yun and others},
  journal={arXiv preprint arXiv:2106.08261},
  year={2021}
}

@article{berger2013style,
  title={Style and abstraction in portrait sketching},
  author={Berger, Itamar and Shamir, Ariel and Mahler, Moshe and Carter, Elizabeth and Hodgins, Jessica},
  journal={ACM Transactions on Graphics (TOG)},
  volume={32},
  number={4},
  pages={1--12},
  year={2013},
  publisher={ACM New York, NY, USA}
}
% -----------------------------------------------------------------------
% Document End
% -----------------------------------------------------------------------


@article{hebart2019things,
  title={THINGS: A database of 1,854 object concepts and more than 26,000 naturalistic object images},
  author={Hebart, Martin N and Dickter, Adam H and Kidder, Alexis and Kwok, Wan Y and Corriveau, Anna and Van Wicklin, Caitlin and Baker, Chris I},
  journal={PloS one},
  volume={14},
  number={10},
  pages={e0223792},
  year={2019},
  publisher={Public Library of Science San Francisco, CA USA}
}
@article{nayebi2018task,
  title={Task-driven convolutional recurrent models of the visual system},
  author={Nayebi, Aran and Bear, Daniel and Kubilius, Jonas and Kar, Kohitij and Ganguli, Surya and Sussillo, David and DiCarlo, James J and Yamins, Daniel L},
  journal={Advances in neural information processing systems},
  volume={31},
  year={2018}
}

@article{sayim2011line,
  title={What line drawings reveal about the visual brain},
  author={Sayim, Bilge and Cavanagh, Patrick},
  journal={Frontiers in human neuroscience},
  volume={5},
  pages={118},
  year={2011},
  publisher={Frontiers}
}
@inproceedings{chen2022unsupervised,
  title={Unsupervised segmentation in real-world images via spelke object inference},
  author={Chen, Honglin and Venkatesh, Rahul and Friedman, Yoni and Wu, Jiajun and Tenenbaum, Joshua B and Yamins, Daniel LK and Bear, Daniel M},
  booktitle={Computer Vision--ECCV 2022: 17th European Conference, Tel Aviv, Israel, October 23--27, 2022, Proceedings, Part XXIX},
  pages={719--735},
  year={2022},
  organization={Springer}
}

@article{tolstikhin2021mlp,
  title={Mlp-mixer: An all-mlp architecture for vision},
  author={Tolstikhin, Ilya O and Houlsby, Neil and Kolesnikov, Alexander and Beyer, Lucas and Zhai, Xiaohua and Unterthiner, Thomas and Yung, Jessica and Steiner, Andreas and Keysers, Daniel and Uszkoreit, Jakob and others},
  journal={Advances in neural information processing systems},
  volume={34},
  pages={24261--24272},
  year={2021}
}

@article{yamins2014performance,
  title={Performance-optimized hierarchical models predict neural responses in higher visual cortex},
  author={Yamins, Daniel LK and Hong, Ha and Cadieu, Charles F and Solomon, Ethan A and Seibert, Darren and DiCarlo, James J},
  journal={Proceedings of the National Academy of Sciences},
  volume={111},
  number={23},
  pages={8619--8624},
  year={2014},
  publisher={National Acad Sciences}
}

@article{cadieu2014deep,
  title={Deep neural networks rival the representation of primate IT cortex for core visual object recognition},
  author={Cadieu, Charles F and Hong, Ha and Yamins, Daniel LK and Pinto, Nicolas and Ardila, Diego and Solomon, Ethan A and Majaj, Najib J and DiCarlo, James J},
  journal={PLoS computational biology},
  volume={10},
  number={12},
  pages={e1003963},
  year={2014},
  publisher={Public Library of Science San Francisco, USA}
}

@article{nayebi2018task,
  title={Task-driven convolutional recurrent models of the visual system},
  author={Nayebi, Aran and Bear, Daniel and Kubilius, Jonas and Kar, Kohitij and Ganguli, Surya and Sussillo, David and DiCarlo, James J and Yamins, Daniel LK},
  journal={arXiv preprint arXiv:1807.00053},
  year={2018}
}

@article{kietzmann2019recurrence,
  title={Recurrence is required to capture the representational dynamics of the human visual system},
  author={Kietzmann, Tim C and Spoerer, Courtney J and S{\"o}rensen, Lynn KA and Cichy, Radoslaw M and Hauk, Olaf and Kriegeskorte, Nikolaus},
  journal={Proceedings of the National Academy of Sciences},
  volume={116},
  number={43},
  pages={21854--21863},
  year={2019},
  publisher={National Acad Sciences}
}

@inproceedings{deng2009imagenet,
  title={Imagenet: A large-scale hierarchical image database},
  author={Deng, Jia and Dong, Wei and Socher, Richard and Li, Li-Jia and Li, Kai and Fei-Fei, Li},
  booktitle={2009 IEEE conference on computer vision and pattern recognition},
  pages={248--255},
  year={2009},
  organization={Ieee}
}
@inproceedings{chen2021visformer,
  title={Visformer: The vision-friendly transformer},
  author={Chen, Zhengsu and Xie, Lingxi and Niu, Jianwei and Liu, Xuefeng and Wei, Longhui and Tian, Qi},
  booktitle={Proceedings of the IEEE/CVF international conference on computer vision},
  pages={589--598},
  year={2021}
}

@article{khaligh2014deep,
  title={Deep supervised, but not unsupervised, models may explain IT cortical representation},
  author={Khaligh-Razavi, Seyed-Mahdi and Kriegeskorte, Nikolaus},
  journal={PLoS computational biology},
  volume={10},
  number={11},
  pages={e1003915},
  year={2014},
  publisher={Public Library of Science San Francisco, USA}
}

@article{rajalingham2018large,
  title={Large-scale, high-resolution comparison of the core visual object recognition behavior of humans, monkeys, and state-of-the-art deep artificial neural networks},
  author={Rajalingham, Rishi and Issa, Elias B and Bashivan, Pouya and Kar, Kohitij and Schmidt, Kailyn and DiCarlo, James J},
  journal={Journal of Neuroscience},
  volume={38},
  number={33},
  pages={7255--7269},
  year={2018},
  publisher={Soc Neuroscience}
}
